2926 5002
682 280 924 345 ..254-

221 445 270 505 hic
295 444 413 522 quidem
434 444 590 504 diiudicari
615 463 672 504 non
697 463 795 526 posse,
819 464 873 505 cur
896 447 1070 524 imperfecto
1094 442 1222 525 scriptor
1246 466 1318 507 usus
1343 449 1392 530 sit,

220 562 288 604 cum
312 546 440 603 aoristus
466 542 551 604 uerbi
574 537 700 603 εἰδέναι
723 543 813 626 absit,
842 543 934 604 uerbo
958 544 1027 604 huic
1051 546 1113 604 uim
1136 544 1261 605 durandi
1284 546 1392 606 adhae-

218 661 286 703 rere
309 643 484 703 existimem.

256 786 259 793 .
307 738 354 800 lll.
393 740 517 801 Silentia
545 759 604 800 non
633 751 818 820 praeteream
849 741 1017 819 complures
1045 741 1139 816 locos,
1170 760 1295 820 quorum
1320 761 1389 822 apo-

218 838 298 900 dosis
326 842 357 900 in
385 839 560 918 imperiecto
588 839 730 900 collocata
764 841 908 918 temporis
938 842 1092 918 praeteriti
1122 848 1181 920 est,
1215 842 1327 918 protasi
1357 844 1389 901 in

218 940 328 998 aoristo
347 941 451 1017 posita.
497 936 564 1017 Lyn.
584 937 650 997 XIX
670 935 725 998 34:
752 934 802 997 ‘sl‘
820 956 871 1009 τις
892 927 989 1016 ὑμῶν
1014 936 1106 1017 ε”τυχε
1131 930 1212 1010 δούς
1234 933 1389 1022 Τιμοθέῳ

217 1032 262 1119 τῷ
283 1028 446 1108 Κόνωνος
469 1027 530 1116 τὴν
553 1031 724 1115 θυγατέρα
743 1025 763 1117 ἢ
783 1027 843 1115 τὴν
862 1025 1066 1115 ἀδελφήν...
1085 1029 1139 1096 καὶ
1218 1028 1389 1116 ἐδημεύθη

217 1122 238 1211 ἡ
263 1121 360 1192 ούσία
384 1127 440 1193 καὶ
464 1125 508 1214 μη
529 1128 658 1212 ἐγένετο
676 1131 716 1215 τῇ
736 1126 829 1194 πόλει
847 1129 1048 1215 πραθέντων
1071 1124 1228 1195 ἀπάντων
1250 1131 1390 1213 τέτταρα

216 1222 361 1291 τάλαντα
380 1221 553 1313 ἀργυρίου,
573 1224 628 1291 διά
647 1228 746 1292 τούτο
767 1223 897 1310 ἠξιοῦτε
921 1220 964 1291 ἀν
987 1224 1067 1305 τούς
1090 1223 1293 1312 ἀναγκαίους
1310 1225 1390 1305 τοὺς

218 1324 348 1388 ἐκείνου
375 1322 430 1389 καὶ
458 1323 537 1403 τοὺς
565 1322 795 1409 προσήκοντας
822 1320 1065 1410 ἀπολέσαι...;’
1098 1329 1172 1390 ltem
1196 1330 1307 1390 durans
1340 1347 1390 1389 res

218 1426 357 1487 conclusa
380 1430 553 1507 imperfecto
578 1428 761 1506 significatur
784 1427 798 1487 1
825 1425 882 1488 44:
906 1418 999 1488 ‘odae
1023 1419 1140 1507 γάρ...
1165 1423 1302 1510 συνῄδειΙ
1329 1448 1386 1488 αα-

216 1518 278 1586 αδν
307 1517 409 1587 οὐδὲν
438 1517 456 1588 δ
485 1519 548 1606 έγτδ
578 1519 696 1599 δεδιὼς
724 1519 768 1606 μή
796 1546 846 1598 τις
877 1517 1026 1605 πύθηται
1059 1519 1252 1606 ἐπεθύμουν
1283 1517 1388 1587 αὐτὸν

217 1615 388 1704 ἀπολέσαι,
412 1618 488 1686 οὔτε
512 1624 542 1687 εί
564 1623 667 1688 ταῦτα
691 1617 933 1706 διεπραξάμην,
956 1616 1094 1705 ἤλπιζον
1117 1617 1267 1705 χρήματα
1290 1617 1389 1704 λήψε-

218 1716 422 1805 σθαι-’1)
450 1723 562 1784 Eodem
586 1724 673 1784 modo
702 1743 760 1803 quo
784 1722 821 1783 lV
847 1720 887 1784 16
912 1716 952 1805 (v.
977 1741 999 1784 s.
1024 1741 1052 1836 p.
1071 1717 1187 1807 253)
1180 1723 1388 1802 imperfectum

217 1823 408 1899 interpretari
436 1822 578 1882 debemus
606 1821 684 1882 XVII
711 1817 789 1884 4:
796 1821 903 1882 καίτοι
935 1815 1035 1882 τουτό
1054 1842 1100 1930 γε
1132 1817 1230 1883 παντὶ
1260 1813 1383 1900 εύγνυ

218 1932 309 2033 στογ,
334 1911 385 1980 ὅτι
405 1912 467 1981 ούκ
485 1910 529 1981 ἀν
547 1913 838 1999 παραλιπόντες,ε
823 1921 857 1980 ί
871 1939 902 1979 τι
922 1911 1003 1980 ἀλλο
1022 1918 1090 1981 τῶν
1107 1911 1291 2002 Ἐράτωνος
1310 1911 1386 1981 οἱόν

217 2037 251 2077 τε
265 2014 309 2098 ἠν
324 2013 493 2099 δημεύειν,
512 2012 621 2080 πάντα
639 2010 679 2078 τά
697 2009 913 2135 Ἐράτωνος’
895 2014 1091 2099 απέγραφον
1108 2010 1389 2100 [ἀπογράφοντες]

216 2106 321 2175 ααὶ“
302 2137 322 2176 α
356 2109 420 2196 ἐγὼ
451 2108 559 2178 πολύυ
589 2111 653 2196 ηδη
680 2108 805 2195 χρόνον
827 2110 1003 2196 αέκτημαι.’
1058 2114 1107 2175 Sic
1137 2115 1208 2194 legit
1232 2116 1390 2176 Scheibius

217 2208 402 2294 (Emendat.
426 2214 494 2294 Lys.
517 2209 598 2275 fasc?
622 2234 650 2293 p.
676 2208 747 2298 17);
771 2213 945 2274 Franckeno
970 2209 1002 2295 (l.
1021 2233 1046 2274 c.
1067 2232 1096 2292 p.
1118 2209 1194 2298 122)
1215 2214 1391 2292 displicebat

217 2311 290 2370 haec
314 2315 499 2396 coniectura,
529 2315 597 2391 qnia
620 2312 753 2372 membra
776 2314 920 2374 orationis
944 2312 1068 2372 mirilico
1092 2311 1209 2372 turbata
1234 2320 1335 2372 essent
1359 2321 1390 2370 et

216 2410 362 2488 particula
385 2399 429 2469 ἀν
454 2410 488 2470 ad
512 2411 703 2489 participium
731 2419 846 2472 tantum
876 2418 955 2471 esset
984 2410 1155 2484 referenda3
1182 2429 1237 2490 per
1264 2428 1296 2469 se
1325 2412 1390 2487 qui-

218 2507 285 2568 dem
303 2510 494 2587 participium
513 2527 581 2568 cum
600 2497 644 2568 ἀν
662 2509 812 2569 offendere
829 2528 888 2569 non
903 2516 1016 2588 potest:
1035 2508 1071 2568 ci.
1087 2507 1212 2568 similem
1232 2507 1389 2587 periodum

216 2604 356 2666 isocratis
381 2605 510 2684 Philippi
534 2605 563 2682 ξ.
590 2603 666 2667 133:
692 2591 745 2666 ‘ad
770 2599 802 2666 d’
824 2608 899 2666 ίσθι
923 2598 1027 2685 μηδὲν
1047 2597 1089 2666 ἀν
1108 2626 1147 2686 με
1170 2599 1300 2666 τούτων
1325 2604 1390 2666 ἐπι-

216 2696 417 2785 χειρησαντά
431 2717 468 2765 σε
483 2703 624 2781 πείθειν,
644 2701 675 2764 εί
693 2701 893 2765 δυναστείαν
911 2697 1018 2784 μόνον
1037 2697 1094 2764 καὶ
1111 2702 1258 2764 πλοῦτον
1273 2695 1390 2785 ἑώρων

218 2796 251 2875 ἐξ
275 2793 387 2863 αὐτῶν
412 2795 656 2883 γενησόμενον’
679 2821 734 2881 pro
759 2795 825 2863 ‘du
851 2793 952 2863 οὐδὲν
976 2791 1019 2863 ἀν
1042 2796 1170 2864 τούτων
1195 2795 1389 2894 ἐπεγείρησά

216 2913 253 2959 σε
271 2897 423 2962 πείθειν.’
467 2901 622 2961 Soluamus
643 2919 714 2960 uero
735 2918 822 2978 quam
842 2918 930 2978 snpra
956 2900 1115 2961 adtulimus
1133 2902 1389 2961 constructionem

216 2995 479 3077 participialem:
486 2991 537 3060 ὅτι
556 2990 618 3059 οὐκ
631 2986 679 3058 ἀν
698 2993 931 3110 παρέλιπρυ,ε
916 2999 999 3057 είτι
1018 2990 1099 3059 ἀλλο
1118 2996 1186 3060 τῶν
1204 2990 1390 3076 Ἐράτωνος

217 3088 292 3156 οἱόν
307 3115 342 3156 τε
357 3117 400 3177 ην
415 3090 584 3218 δημεύειν,
603 3087 687 3156 ἀλλά
702 3089 809 3156 πάντα
825 3086 865 3154 τά
879 3086 1095 3173 Ἐράτωνος’
1078 3091 1273 3177 απέγραφον
1280 3090 1389 3180 ⁹(uer·

216 3195 262 3255 bis
282 3186 381 3255 ἀλλὰ
397 3191 465 3256 etc?
483 3196 596 3255 lactum
615 3189 813 3276 continetur),
829 3192 907 3272 quod
922 3212 995 3253 num
1011 3214 1069 3256 uno
1085 3199 1237 3256 enuntiato
1253 3213 1388 3274 compre·

214 3292 306 3353 hendi
320 3295 424 3374 possit,
441 3293 512 3352 mihi
527 3292 612 3353 ualde
628 3292 750 3353 dubium
766 3301 819 3352 est.
854 3290 1046 3353 Franckenus
1066 3295 1142 3354 hanc
1158 3297 1389 3374 argumentatio-

216 3410 284 3451 nem
305 3409 371 3451 esse
392 3390 566 3451 arbitratur:
587 3386 639 3451 ‘eo
658 3391 737 3469 quod
757 3393 787 3451 in
807 3389 935 3449 indicem
955 3391 1123 3452 retulerunt
1142 3394 1230 3452 etiam
1250 3411 1292 3474 ea,
1311 3411 1389 3472 quae

217 3507 270 3567 ego
296 3489 407 3550 dudum
431 3489 632 3570 possederam,
656 3496 778 3567 apparet
798 3491 894 3548 omnia
915 3507 966 3549 eos
986 3491 1154 3568 complexos
1175 3486 1271 3573 esse'3
1294 3492 1389 3552 uerba

216 3580 343 3648 ‘notura
362 3579 401 3649 τά
419 3579 619 3668 Ἐράτωνος’
644 3589 762 3666 omittit,
785 3606 860 3665 quae
885 3590 915 3647 in
939 3588 1072 3666 margine
1096 3587 1243 3665 adscripta
1268 3591 1328 3650 sint
1351 3591 1389 3650 ad

216 3686 389 3764 explicanda
417 3684 510 3745 uerba
540 3687 695 3763 superiora
724 3677 790 3745 ‘dcc
819 3678 857 3746 dl
885 3677 994 3745 πάντα
1023 3678 1215 3765 δημεύεται’
1247 3696 1276 3747 et
1303 3687 1391 3768 legit:

216 3779 276 3845 5...
300 3773 362 3844 ούκ
389 3771 433 3843 ἀν
455 3778 697 3864 παραλιπόντες
725 3785 758 3844 εί
776 3803 808 3842 τι
837 3775 918 3843 ἀλλο
945 3781 1014 3843 τῶν
1041 3773 1225 3862 Ἐράτωνος
1253 3773 1329 3846 οἷόν
1356 3779 1387 3848 τ’

215 3867 258 3961 ἦν
279 3873 445 3963 δημεύειν,
464 3874 660 3963 ἀπέγραφον
674 3876 730 3942 καὶ
746 3872 766 3942 ά
786 3875 848 3962 ἐγὼ
864 3874 971 3942 πολὺν
990 3873 1055 3962 ἤδη
1070 3874 1194 3964 χρόνον
1213 3879 1390 3964 αέατημαι’

287 4055 314 4122 1)
334 4053 529 4108 Coniecturam
549 4071 566 4107 a
584 4053 682 4124 Lipsio
708 4056 825 4124 (quaest.
840 4053 901 4123 Lys.
917 4058 963 4123 11)
982 4054 1219 4124 commendatam,
1243 4073 1328 4125 quam
1346 4075 1390 4112 re·

216 4134 292 4204 cepit
310 4136 489 4188 Franckenus
509 4133 625 4204 (comm.
645 4136 710 4204 Lys.
730 4154 757 4204 p.
777 4137 823 4203 31)
847 4151 935 4204 eoque
954 4140 1069 4190 auctore
1087 4135 1341 4193 Rauchensteinius
1358 4141 1392 4194 et

216 4215 436 4285 Frohbergerus:
454 4213 498 4270 ‘ei
507 4258 512 4269 .
524 4257 548 4271 ..
564 4217 792 4286 διαπραξαίμην’
813 4216 898 4270 reicio
917 4216 1070 4270 assentiens
1086 4217 1201 4272 Gerthio
1216 4217 1245 4286 (l.
1260 4232 1283 4272 c.
1299 4237 1327 4288 p.
1344 4222 1390 4291 18)

215 4295 349 4366 censenti,
377 4295 453 4350 ‘dass
472 4297 522 4350 der
539 4295 664 4351 Redner.
678 4337 700 4350 ..
721 4296 808 4350 durch
832 4296 882 4349 das
901 4295 1070 4351 Preteritum
1097 4297 1141 4352 die
1162 4297 1390 4370 Voranssetzung

214 4398 262 4432 um
282 4395 311 4432 so
329 4376 582 4431 nachdriiclrlicher
601 4395 654 4431 von
674 4376 734 4430 sich
753 4376 901 4432 nbwehren
922 4376 1041 4431 wollte’.
