2926 5002
608 277 762 343 ——260
811 316 847 326 -

142 432 247 527 (³rjvaire
272 439 353 501 nicht
377 449 467 501 etwas
487 461 543 501 von
563 442 610 502 dir
635 441 825 521 abgemachtc
846 441 939 502 Sache
963 459 1100 520 genesen
1125 443 1185 504 und
1204 444 1318 504 hattest

142 539 182 597 du
201 539 286 599 nicht
302 539 353 599 aus
366 539 589 618 Strallosiglreit
612 535 808 622 gerachnet’).
847 540 890 599 Ab
908 540 965 600 hoo
980 539 1072 600 XXVI
1089 539 1130 603 10
1149 561 1184 602 eo
1198 551 1318 603 tantum

141 635 249 716 differt,
278 637 357 715 quod
381 640 460 698 fictio
485 641 627 717 temporis
650 641 816 717 praesentis
840 646 893 698 est.
918 672 959 680 -
984 640 1049 699 Ant.
1074 637 1171 701 V52:
1194 635 1317 701 ‘actvm

140 726 177 794 τὸ
201 728 359 816 παράπαν
383 726 479 816 ἔγωγ’
502 729 544 797 ἂν
569 738 602 796 εί
620 756 652 796 τι
676 728 805 818 συνῄδη
830 732 959 820 ἐμαυτῷ
983 731 1038 797 καί
1062 739 1096 797 εί
1114 737 1148 797 τί
1168 757 1226 817 μοι
1250 756 1318 797 τοι·

142 830 242 893 οὗτον
271 836 439 914 είργαστο,
468 826 609 915 ηφοίνισ’
636 827 680 894 tto
702 827 748 894 τιὸ
773 825 943 914 ἀνθρώπω
959 830 1016 895 ...’
1047 828 1157 917 (hatte
1182 837 1240 895 mir
1264 835 1317 894 das

142 931 335 992 Bewulstsein
364 932 467 1012 irgend
497 935 579 993 eines
604 931 773 1010 Vergeheus
801 933 970 1009 angehaltet
998 932 1058 992 und
1088 938 1166 993 ware
1191 933 1239 993 lch
1263 933 1318 992 der

141 1029 252 1090 Thater
276 1033 358 1091 eines
382 1031 503 1091 solchen
524 1030 729 1090 Verbreohens
752 1023 924 1112 geu‘esen').

230 1121 266 1209 4)
290 1128 422 1189 Protasis
450 1131 480 1188 in
510 1131 633 1210 aoristo,
664 1128 801 1207 apodosis
828 1129 859 1186 in
888 1128 1063 1206 imperfecto
1088 1137 1117 1188 et
1144 1128 1317 1206 plusquam·

142 1225 275 1304 perlecto
295 1225 453 1287 collocatae
473 1226 639 1306 exemplum
660 1225 783 1305 praebet
806 1218 908 1306 (And.)
928 1222 1040 1284 1v41:
1063 1220 1182 1286 ‘aalma
1201 1222 1233 1285 εί
1249 1221 1318 1285 τῶν

141 1318 396 1402 πρεσβευόντων
415 1319 551 1397 ἕκαστος
569 1316 608 1384 τὰ
633 1315 716 1385 αὐτὰ
737 1318 903 1401 ἐποίησεν,
923 1313 1058 1400 ὀλίγους
1076 1315 1119 1383 ἂν
1137 1321 1320 1402 πολεμίους

28 1433 31 1437 ’
142 1423 243 1499 είχετε
266 1415 321 1481 καὶ
348 1414 494 1494 πολλοὺς
522 1415 716 1502 συμμάχους
744 1413 941 1498 ἕκέκτησθε.’
987 1418 1091 1480 Verbis
1116 1416 1318 1498 *ἐκέκτησθέ

142 1528 230 1596 atque
252 1514 375 1599 ‘elprae'
395 1523 475 1580 notio
499 1519 671 1598 possidendi
694 1521 781 1598 inest,
804 1528 959 1598 praeterea
982 1517 1024 1576 illi
1048 1521 1094 1578 uis
1118 1519 1319 1597 comparandi.

191 1731 220 1808 [3⁵.
245 1729 273 1793 8.
310 1739 359 1792 De
381 1739 549 1808 particulo
572 1725 615 1793 ίέν
638 1737 794 1807 epodosis
817 1739 878 1791 aut
900 1737 1016 1792 addita
1039 1740 1100 1792 out
1123 1737 1257 1792 omissa.

232 1874 402 1954 Occupatus
431 1877 561 1937 eruenda
589 1877 707 1935 diuersa
740 1873 909 1951 imperfecti
941 1868 1262 1955 (plusquamperleoti)
1288 1881 1320 1934 et

144 1975 245 2033 aoristi
267 1977 296 2033 ui
316 1976 346 2033 in
362 1977 453 2035 uariis
469 1976 699 2050 enuntiatorum,
719 1989 793 2049 quae
813 1979 968 2052 uocantur,
987 1971 1138 2031 irrealium
1157 1971 1320 2050 generibus

145 2071 241 2130 adhuc
267 2071 374 2131 nullam
400 2075 544 2132 rationem
572 2070 675 2151 habui,
706 2067 843 2146 apodosis
871 2076 973 2127 utrum
1001 2071 1225 2128 consociaretur
1249 2087 1320 2129 curn

143 2169 287 2246 particula
320 2161 362 2230 ίίν
390 2190 493 2230 necne.
546 2170 610 2240 Qua
638 2166 743 2227 uocula
771 2165 864 2225 uerbo
893 2165 1029 2244 apodosis
1062 2165 1159 2225 addita
1190 2175 1321 2227 euentus

143 2267 187 2324 rei
206 2264 364 2326 conclusae
383 2285 443 2326 nou
463 2273 563 2327 certus
583 2266 766 2344 significatur
785 2271 873 2342 atque
893 2262 1044 2343 indubius,
1068 2263 1120 2323 sed
1144 2265 1321 2324 coniectura

145 2363 295 2443 collectus,
324 2381 399 2440 quae
423 2363 521 2423 locum
546 2363 654 2423 habere
678 2361 762 2441 solet,
790 2379 858 2421 cum
882 2360 918 2420 de
938 2369 987 2441 eo,
1016 2361 1104 2441 quod,
1132 2364 1157 2420 si
1181 2379 1241 2421 nou
1265 2363 1320 2421 im·

143 2462 223 2540 pleta
251 2461 385 2522 condicio
415 2462 450 2522 ad
479 2464 617 2523 ellectum
646 2469 725 2521 esset
753 2459 910 2539 perducta,
942 2458 1111 2540 accidisset,
1140 2458 1320 2538 plerumque

144 2560 254 2638 aliquid
274 2562 349 2620 certi
369 2562 445 2620 scire
466 2579 524 2620 non
544 2561 702 2638 possimus.
719 2557 877 2635 -Neque
900 2574 971 2616 uero
992 2556 1101 2617 desunt
1115 2556 1248 2635 exempla
1268 2556 1321 2617 ubi

144 2657 288 2736 particula
308 2648 351 2717 ίέν
374 2659 405 2717 in
425 2656 545 2736 apodosi
570 2656 768 2715 desideratur:
796 2652 862 2733 Lys.
881 2653 933 2714 Vll
957 2652 1009 2715 12:
1041 2649 1118 2715 ‘vair
1138 2646 1175 2715 dt
1192 2650 1323 2726 ποίντας

144 2748 188 2816 dv
211 2746 298 2834 ὑμᾶς
320 2753 507 2834 βουλοίμην
529 2747 604 2833 περὶ
629 2749 709 2832 ἐμοῦ
733 2748 857 2832 ταύτην
881 2744 942 2832 την
965 2744 1104 2831 γνώμην
1128 2750 1231 2831 ἔχειν,
1262 2748 1321 2812 ίνα

144 2845 278 2932 ἡγῆσθέ
295 2872 335 2932 με
354 2859 501 2930 σκοπεῖν,
526 2853 615 2930 είπερ
639 2843 805 2923 τοιούτοις
826 2849 936 2929 ἔργοις
954 2844 1157 2929 ἐπεχείρουν,
1180 2843 1237 2908 καί
1256 2840 1321 2927 ὅ,τι

144 2946 262 3029 κέρδος
285 2945 412 3028 ἐγίνετο
436 2946 481 3034 τῷ
501 2941 704 3028 ἀφανίσαντι
723 2941 777 3007 καὶ
796 2939 867 3027 ἥτις
887 2946 982 3027 ζημία
1000 2943 1046 3031 τῷ
1070 2938 1248 3026 ποιήσαντι
1263 2994 1269 3006 .
1282 2994 1289 3006 .
1301 2942 1320 3007 .’

146 3047 253 3108 Orator
277 3050 371 3127 cupit,
402 3048 516 3107 iudices
544 3049 641 3124 ipsum
672 3040 742 3104 tunc
767 3044 886 3123 quidem
912 3078 950 3086 -
976 3054 1061 3104 antea
1089 3061 1176 3121 aegre
1204 3044 1322 3105 ferebat

149 3180 186 3189 —
212 3165 266 3225 pro
295 3147 361 3204 uiro
390 3145 452 3203 aori
479 3152 509 3203 ct
537 3143 671 3221 diligenti
700 3151 730 3202 et
759 3141 833 3201 nihil
861 3160 992 3221 unquam
1020 3151 1132 3202 temere
1161 3151 1250 3220 atque
1275 3145 1320 3202 iu·

146 3244 280 3306 consulte
305 3249 409 3321 agente
433 3240 556 3323 habere,
586 3250 618 3301 ut
646 3241 780 3323 credant,
811 3250 905 3300 semet
933 3243 1046 3321 ipsum,
1073 3242 1099 3299 si
1122 3240 1237 3300 lacinus
1261 3240 1320 3300 tale

146 3343 352 3419 commisisset,
375 3356 594 3418 perpensurum
618 3338 719 3420 luisse,
743 3347 773 3398 et
796 3338 867 3416 quid
890 3337 967 3397 lucri
990 3346 1019 3397 et
1043 3337 1114 3414 quid
1138 3336 1237 3397 damni
1261 3338 1321 3398 sihi

146 3451 286 3501 truncum
310 3437 390 3497 oleae
420 3436 605 3496 exscindeuti
633 3439 772 3515 instarem
809 3436 912 3512 utique
945 3435 1001 3494 hoc
1035 3453 1066 3494 se
1099 3453 1321 3513 perpensurum

146 3540 238 3599 luisse
263 3537 402 3614 exprimit
425 3536 535 3594 omissa
558 3544 626 3611 post
650 3526 819 3593 ‘excocto'
843 3530 948 3591 uocula
973 3522 1023 3591 ἄν.
1049 3529 1141 3591 XVlll
1163 3529 1218 3593 17:
1248 3552 1276 3594 u.
1298 3553 1320 3594 s.

144 3655 173 3716 p.
196 3627 304 3717 256.¹)

236 3731 386 3810 Exemplis
409 3730 584 3809 imperfecto
609 3739 638 3789 et
660 3730 788 3807 protasis
808 3736 837 3785 et
856 3727 992 3804 apodosis
1012 3726 1146 3786 formatis
1170 3726 1249 3787 nulla
1274 3746 1321 3789 re·

148 3831 296 3911 spondent
319 3830 420 3888 aoristi
444 3830 474 3887 iu
499 3838 627 3906 utroque
650 3826 784 3886 membro
809 3823 945 3904 adhibiti,
976 3843 1035 3901 quc
1064 3825 1257 3884 confirmatur
1280 3825 1321 3907 id,

148 3929 227 4009 quod
251 3929 355 3988 statuit
378 3925 547 3986 Goelkelius
571 3922 603 4002 (l.
623 3943 647 3985 c.
667 3944 694 4003 p.
716 3921 781 4006 13),
804 3924 920 4000 ellipsin
945 3922 1068 3982 uoculae
1093 3913 1135 3982 tv
1158 3923 1189 3981 iu
1208 3924 1321 3984 aoristo

238 4118 263 4187 1)
282 4115 413 4170 Reiskius
428 4107 464 4170 dv
479 4115 544 4183 post
559 4109 696 4174 ‘cladzco'
712 4112 837 4179 inseruit,
852 4111 919 4179 iure,
935 4111 959 4165 si
975 4106 1113 4171 ‘studeas’
1130 4108 1186 4162 uim
1201 4109 1322 4165 haberet

147 4197 315 4253 uernaculae
336 4194 547 4262 ‘mutmalslich,
561 4191 814 4257 wahrscheinlich’3
832 4192 981 4245 tamenim
997 4193 1090 4245 orator
1104 4189 1156 4244 hac
1175 4189 1237 4259 ipsa
1249 4207 1321 4246 uoce

148 4278 319 4343 ostenderet,
344 4277 475 4329 euentum
499 4272 630 4344 apodosis
653 4290 682 4327 se
705 4275 814 4326 tantum
838 4270 1000 4338 coniecisse;
1028 4264 1066 4324 dv
1090 4286 1155 4325 uero
1174 4287 1231 4325 non
1250 4288 1322 4342 opus

149 4361 203 4426 est,
223 4358 246 4412 si
267 4355 318 4412 είκ.
333 4355 411 4410 ualet
424 4355 508 4424 idem,
524 4353 598 4423 quod
614 4353 693 4421 ἥατο,
712 4352 834 4419 mmito',
853 4368 924 4422 quae
942 4351 1021 4405 notio
1040 4349 1100 4404 sola
1117 4349 1172 4404 huo
1192 4351 1324 4419 quadrat.
